<?xml version="1.0" encoding="UTF-8"?><collection xmlns="http://www.loc.gov/MARC21/slim"><record><leader>00465nam--2200133-i-4500</leader><controlfield tag="001">000023831</controlfield><controlfield tag="002">20161230</controlfield><controlfield tag="005">20161230201035</controlfield><controlfield tag="008">060222s1000------------r-----000-0-eng-d</controlfield><datafield ind1=" " ind2=" " tag="080"><subfield code="a">621.039.83(094.92)</subfield></datafield><datafield ind1=" " ind2=" " tag="245"><subfield code="a">International acceptance of irradiated food. legal aspects. report of a joint fao/iaea/who advisory group on international acceptance of irradiated food wageningen, 28 nov.-1 dec.1977</subfield></datafield><datafield ind1=" " ind2=" " tag="260"><subfield code="a">Vienna, Iaea, 1979, 70p</subfield></datafield><datafield ind1=" " ind2=" " tag="490"><subfield code="a">11</subfield></datafield><datafield ind1=" " ind2=" " tag="852"><subfield code="a">24340</subfield></datafield></record></collection>